
@misc{_milkymist_????,
	title = {Milkymist Labs},
	url = {http://milkymist.org/3/},
	urldate = {2013-01-05},
	howpublished = {http://milkymist.org/3/},
	file = {Milkymist Labs:/Users/strokyl/Library/Application Support/Zotero/Profiles/3sr37chy.default/zotero/storage/488HVE3Z/3.html:text/html}
},

@misc{center_for_history_and_new_media_guide_????,
	title = {Guide rapide pour débuter},
	url = {http://zotero.org/support/quick_start_guide},
	author = {{\{Center} for History and New Media\}},
	howpublished = {http://zotero.org/support/quick\_start\_guide},
	annote = {Bienvenue dans Zotero {!Visualiser} le guide rapide pour apprendre et commencer à collecter, gérer, citer et partager vos sources de {recherche.Merci} d'avoir installé Zotero.}
},

@phdthesis{bourdeauducq_performance-driven_2010,
	address = {Stockholm},
	title = {A performance-driven {SoC} achitecture for video synthesis},
	url = {http://milkymist.org/3/thesis/thesis.pdf},
	language = {Anglais},
	urldate = {2013-01-20},
	school = {Royal Institure of Technology},
	author = {Bourdeauducq, Sébastien},
	month = jun,
	year = {2010}
},

@misc{_application-specific_????,
	title = {Application-specific integrated circuit - Wikipedia, the free encyclopedia},
	url = {http://en.wikipedia.org/wiki/Application-specific_integrated_circuit},
	urldate = {2013-01-08},
	howpublished = {{http://en.wikipedia.org/wiki/Application-specific\_integrated\_circuit}},
	file = {Application-specific integrated circuit - Wikipedia, the free encyclopedia:/Users/strokyl/Library/Application Support/Zotero/Profiles/3sr37chy.default/zotero/storage/AAFB78XF/Application-specific_integrated_circuit.html:text/html}
},

@misc{_programmable_????,
	title = {Programmable logic device - Wikipedia, the free encyclopedia},
	url = {http://en.wikipedia.org/wiki/Programmable_logic_device},
	urldate = {2013-01-11},
	howpublished = {{http://en.wikipedia.org/wiki/Programmable\_logic\_device}},
	file = {Programmable logic device - Wikipedia, the free encyclopedia:/Users/strokyl/Library/Application Support/Zotero/Profiles/3sr37chy.default/zotero/storage/8C63SXPA/Programmable_logic_device.html:text/html}
},

@misc{poiti_cours_????,
	title = {Cours en ligne de {TELECOM} Paristech sur les {HDL}},
	url = {http://comelec.enst.fr/hdl/},
	language = {Français},
	urldate = {2013-01-12},
	author = {Poiti, Alexis},
	howpublished = {http://comelec.enst.fr/hdl/},
	file = {Cours en ligne : les HDL:/Users/strokyl/Library/Application Support/Zotero/Profiles/3sr37chy.default/zotero/storage/JQDJK93K/hdl.html:text/html}
},

@misc{_foundry_????,
	title = {Foundry model - Wikipedia, the free encyclopedia},
	url = {http://en.wikipedia.org/wiki/Foundry_model},
	urldate = {2013-01-09},
	howpublished = {{http://en.wikipedia.org/wiki/Foundry\_model}},
	file = {Foundry model - Wikipedia, the free encyclopedia:/Users/strokyl/Library/Application Support/Zotero/Profiles/3sr37chy.default/zotero/storage/NXEWJKMQ/Foundry_model.html:text/html}
},

@misc{_netlist_????,
	title = {Netlist - Wikipedia, the free encyclopedia},
	url = {http://en.wikipedia.org/wiki/Netlist},
	urldate = {2013-01-09},
	howpublished = {{http://en.wikipedia.org/wiki/Netlist}},
	file = {Netlist - Wikipedia, the free encyclopedia:/Users/strokyl/Library/Application Support/Zotero/Profiles/3sr37chy.default/zotero/storage/8QSN953S/Netlist.html:text/html}
}