@Manual{milkymist,
	title = "Milkymist - eyecandy on a chip",
	author = "Milkymist community",
	note = "\texttt{http://www.milkymist.org}"
}

@Manual{milkdrop,
	title = "MilkDrop plug-in for Winamp",
	author = "Nullsoft",
	note = "\texttt{http://www.nullsoft.com/free/ milkdrop/}"
}

@Manual{wishbone,
	title = "WISHBONE System-on-Chip (SoC) Interconnection Architecture for Portable IP Cores",
	author = "Silicore Corporation and OpenCores.org",
	year = 2002,
	note = "\texttt{http://opencores.org/downloads/ wbspec\_b3.pdf}"
}

@Manual{csr,
	title = "Configuration and Status Register (CSR) bus specifications",
	author = "S\'ebastien Bourdeauducq",
	year = 2009,
	note = "\texttt{http://www.milkymist.org/socdoc/csr.pdf}"
}

@Manual{fml,
	title = "FastMemoryLink (FML) bus specifications",
	author = "S\'ebastien Bourdeauducq",
	year = 2009,
	note = "\texttt{http://www.milkymist.org/socdoc/fml.pdf}"
}

@Manual{mico32,
	title = "LatticeMico32",
	author = "Lattice Semiconductor Corporation",
	note = "\texttt{http://www.latticesemi.com/products/ intellectualproperty/ipcores/mico32/ index.cfm}"
}

@Manual{micolinux,
	title = "Lattice spins uClinux support for Mico32",
	author = "Electronic Engineering Times Via Thomson Dialog NewsEdge",
	note = "\texttt{http://headsets.tmcnet.com/news/2008 /03/31/3357158.htm}"
}

@Manual{aemb,
	title = "AEMB 32-bit Microprocessor Core",
	author = "Shawn Tan",
	note = "\texttt{http://www.opencores.org/?do=project \&who=aemb}"
}

@Manual{hpdmc,
	title = "High Performance Dynamic Memory Controller",
	author = "S\'ebastien Bourdeauducq",
	year = 2009,
	note = "\texttt{http://www.milkymist.org/socdoc/ hpdmc.pdf}"
}

@Manual{pagemode,
	title = "Indexing Memory Banks to Maximize Page Mode Hit Percentage and Minimize Memory Latency",
	author = "Tomas Rokicki",
	institution = "HP Laboratories Palo Alto",
	year = 2003,
	note = "\texttt{http://www.hpl.hp.com/techreports/96 /HPL-96-95R1.html}"
}

@Manual{confslides,
	title = "An open hardware VJ platform - Technical aspects",
	author = "S\'ebastien Bourdeauducq",
	year = 2009,
	note = "\texttt{http://www.milkymist.org/socdoc/ confslides.pdf}"
}

@Manual{tmu,
	title = "Texture Mapping Unit",
	author = "S\'ebastien Bourdeauducq",
	year = 2009,
	note = "\texttt{http://www.milkymist.org/socdoc/tmu.pdf}"
}

@Manual{pfpu,
	title = "Programmable Floating Point Unit",
	author = "S\'ebastien Bourdeauducq",
	year = 2009,
	note = "\texttt{http://www.milkymist.org/socdoc/pfpu.pdf}"
}

@Manual{gplcver,
	title = "GPL Cver",
	author = "Pragmatic C Software",
	note = "\texttt{http://gplcver.sourceforge.net/}"
}

@Manual{icarus,
	title = "Icarus Verilog",
	author = "Stephen Williams",
	note = "\texttt{http://www.icarus.com/eda/verilog/}"
}

@Manual{genodefx,
	title = "Genode FX: an FPGA-based GUI with Bounded Output Latency and Guaranteed Responsiveness to User Input",
	author = "Norman Feske and Matthias Alles",
	note = "\texttt{http://www.genode-labs.com/ publications/ genode-fpga-graphics-2009.pdf}"
}

@Manual{urjtag,
	title = "UrJTAG",
	author = "UrJTAG developers",
	note = "\texttt{http://www.urjtag.org}"
}
